<?xml version="1.0" encoding="UTF-8"?><collection xmlns="http://www.loc.gov/MARC21/slim"><record><leader>00518nam--2200169-i-4500</leader><controlfield tag="001">000004085</controlfield><controlfield tag="002">20161230</controlfield><controlfield tag="005">20170115233252</controlfield><controlfield tag="008">060222s1000------------r-----000-0-eng-d</controlfield><datafield ind1=" " ind2=" " tag="040"><subfield code="a">IFIN-HH</subfield></datafield><datafield ind1=" " ind2=" " tag="080"><subfield code="a">53</subfield></datafield><datafield ind1="1" ind2=" " tag="100"><subfield code="a">Cassirer, Ernst</subfield></datafield><datafield ind1="1" ind2="0" tag="245"><subfield code="a">Determinism and indeterminism in modern phisics. Historical and systematic studies of the problem of causality</subfield><subfield code="c">Ernet Cassirer</subfield></datafield><datafield ind1=" " ind2=" " tag="260"><subfield code="a">New Haven</subfield><subfield code="b">Yale University Press</subfield><subfield code="c">1956</subfield></datafield><datafield ind1=" " ind2=" " tag="300"><subfield code="a">XXIV + 227 p</subfield></datafield><datafield ind1=" " ind2=" " tag="852"><subfield code="a">12295</subfield><subfield code="c">53.01</subfield></datafield><datafield ind1=" " ind2=" " tag="CAT"><subfield code="a">SYS</subfield><subfield code="c">20170115</subfield><subfield code="h">233252</subfield></datafield></record></collection>